
@inproceedings{clarkson08,
  author    = {Michael R. Clarkson and
               Fred B. Schneider},
  title     = {Hyperproperties},
  booktitle = {Proceedings of the 21st {IEEE} Computer Security Foundations Symposium,
               {CSF} 2008, Pittsburgh, Pennsylvania, USA, 23-25 June 2008},
  pages     = {51--65},
  publisher = {{IEEE} Computer Society},
  year      = {2008},
  url       = {https://doi.org/10.1109/CSF.2008.7},
  doi       = {10.1109/CSF.2008.7},
  timestamp = {Wed, 16 Oct 2019 14:14:49 +0200},
  biburl    = {https://dblp.org/rec/conf/csfw/ClarksonS08.bib},
  bibsource = {dblp computer science bibliography, https://dblp.org}
}
