
% Journals

% First the Full Name is given, then the abbreviation used in the AMS Math
% Reviews, with an indication if it could not be found there.
% Note the 2nd overwrites the 1st, so swap them if you want the full name.

 %{AMS}
 @String{AMSTrans = "American Mathematical Society Translations" }
 @String{AMSTrans = "Amer. Math. Soc. Transl." }
 @String{BullAMS = "Bulletin of the American Mathematical Society" }
 @String{BullAMS = "Bull. Amer. Math. Soc." }
 @String{ProcAMS = "Proceedings of the American Mathematical Society" }
 @String{ProcAMS = "Proc. Amer. Math. Soc." }
 @String{TransAMS = "Transactions of the American Mathematical Society" }
 @String{TransAMS = "Trans. Amer. Math. Soc." }

 %ACM
 @String{CACM = "Communications of the {ACM}" }
 @String{CACM = "Commun. {ACM}" }
 @String{CompServ = "Comput. Surveys" }
 @String{JACM = "J. ACM" }
 @String{ACMMathSoft = "{ACM} Transactions on Mathematical Software" }
 @String{ACMMathSoft = "{ACM} Trans. Math. Software" }
 @String{SIGNUM = "{ACM} {SIGNUM} Newsletter" }
 @String{SIGNUM = "{ACM} {SIGNUM} Newslett." }

 @String{AmerSocio = "American Journal of Sociology" }
 @String{AmerStatAssoc = "Journal of the American Statistical Association" }
 @String{AmerStatAssoc = "J. Amer. Statist. Assoc." }
 @String{ApplMathComp = "Applied Mathematics and Computation" }
 @String{ApplMathComp = "Appl. Math. Comput." }
 @String{AmerMathMonthly = "American Mathematical Monthly" }
 @String{AmerMathMonthly = "Amer. Math. Monthly" }
 @String{BIT = "{BIT}" }
 @String{BritStatPsych = "British Journal of Mathematical and Statistical
          Psychology" }
 @String{BritStatPsych = "Brit. J. Math. Statist. Psych." }
 @String{CanMathBull = "Canadian Mathematical Bulletin" }
 @String{CanMathBull = "Canad. Math. Bull." }
 @String{CompApplMath = "Journal of Computational and Applied Mathematics" }
 @String{CompApplMath = "J. Comput. Appl. Math." }
 @String{CompPhys = "Journal of Computational Physics" }
 @String{CompPhys = "J. Comput. Phys." }
 @String{CompStruct = "Computers and Structures" }
 @String{CompStruct = "Comput. \& Structures" }
 @String{CompJour = "The Computer Journal" }
 @String{CompJour = "Comput. J." }
 @String{CompSysSci = "Journal of Computer and System Sciences" }
 @String{CompSysSci = "J. Comput. System Sci." }
 @String{Computing = "Computing" }
 @String{ContempMath = "Contemporary Mathematics" }
 @String{ContempMath = "Contemp. Math." }
 @String{Crelle = "Crelle's Journal" }
 @String{GiornaleMath = "Giornale di Mathematiche" }
 @String{GiornaleMath = "Giorn. Mat." } % didn't find in AMS MR., ibid.

 %IEEE
 @String{Computer = "{IEEE} Computer" }
 @String{IEEETransComp = "{IEEE} Transactions on Computers" }
 @String{IEEETransComp = "{IEEE} Trans. Comput." }
 @String{IEEETransAC = "{IEEE} Transactions on Automatic Control" }
 @String{IEEETransAC = "{IEEE} Trans. Automat. Control" }
 @String{IEEESpec = "{IEEE} Spectrum" } % didn't find in AMS MR
 @String{ProcIEEE = "Proceedings of the {IEEE}" }
 @String{ProcIEEE = "Proc. {IEEE}" } % didn't find in AMS MR
 @String{IEEETransAeroElec = "{IEEE} Transactions on Aerospace and Electronic
     Systems" }
 @String{IEEETransAeroElec = "{IEEE} Trans. Aerospace Electron. Systems" }

 @String{IMANumerAna = "{IMA} Journal of Numerical Analysis" }
 @String{IMANumerAna = "{IMA} J. Numer. Anal." }
 @String{InfProcLet = "Information Processing Letters" }
 @String{InfProcLet = "Inform. Process. Lett." }
 @String{InstMathApp = "Journal of the Institute of Mathematics and
     its Applications" }
 @String{InstMathApp = "J. Inst. Math. Appl." }
 @String{IntControl = "International Journal of Control" }
 @String{IntControl = "Internat. J. Control" }
 @String{IntNumerEng = "International Journal for Numerical Methods in
     Engineering" }
 @String{IntNumerEng = "Internat. J. Numer. Methods Engrg." }
 @String{IntSuper = "International Journal of Supercomputing Applications" }
 @String{IntSuper = "Internat. J. Supercomputing Applic." } % didn't find
%% in AMS MR
 @String{Kibernetika = "Kibernetika" }
 @String{JResNatBurStand = "Journal of Research of the National Bureau
     of Standards" }
 @String{JResNatBurStand = "J. Res. Nat. Bur. Standards" }
 @String{LinAlgApp = "Linear Algebra and its Applications" }
 @String{LinAlgApp = "Linear Algebra Appl." }
 @String{MathAnaAppl = "Journal of Mathematical Analysis and Applications" }
 @String{MathAnaAppl = "J. Math. Anal. Appl." }
 @String{MathAnnalen = "Mathematische Annalen" }
 @String{MathAnnalen = "Math. Ann." }
 @String{MathPhys = "Journal of Mathematical Physics" }
 @String{MathPhys = "J. Math. Phys." }
 @String{MathComp = "Mathematics of Computation" }
 @String{MathComp = "Math. Comp." }
 @String{MathScand = "Mathematica Scandinavica" }
 @String{MathScand = "Math. Scand." }
 @String{TablesAidsComp = "Mathematical Tables and Other Aids to Computation" }
 @String{TablesAidsComp = "Math. Tables Aids Comput." }
 @String{NumerMath = "Numerische Mathematik" }
 @String{NumerMath = "Numer. Math." }
 @String{PacificMath = "Pacific Journal of Mathematics" }
 @String{PacificMath = "Pacific J. Math." }
 @String{ParDistComp = "Journal of Parallel and Distributed Computing" }
 @String{ParDistComp = "J. Parallel and Distrib. Comput." } % didn't find
%% in AMS MR
 @String{ParComputing = "Parallel Computing" }
 @String{ParComputing = "Parallel Comput." }
 @String{PhilMag = "Philosophical Magazine" }
 @String{PhilMag = "Philos. Mag." }
 @String{ProcNAS = "Proceedings of the National Academy of Sciences
                    of the USA" }
 @String{ProcNAS = "Proc. Nat. Acad. Sci. U. S. A." }
 @String{Psychometrika = "Psychometrika" }
 @String{QuartMath = "Quarterly Journal of Mathematics, Oxford, Series (2)" }
 @String{QuartMath = "Quart. J. Math. Oxford Ser. (2)" }
 @String{QuartApplMath = "Quarterly of Applied Mathematics" }
 @String{QuartApplMath = "Quart. Appl. Math." }
 @String{RevueInstStat = "Review of the International Statisical Institute" }
 @String{RevueInstStat = "Rev. Inst. Internat. Statist." }

 %SIAM
 @String{JSIAM = "Journal of the Society for Industrial and Applied
     Mathematics" }
 @String{JSIAM = "J. Soc. Indust. Appl. Math." }
 @String{JSIAMB = "Journal of the Society for Industrial and Applied
     Mathematics, Series B, Numerical Analysis" }
 @String{JSIAMB = "J. Soc. Indust. Appl. Math. Ser. B Numer. Anal." }
 @String{SIAMAlgMeth = "{SIAM} Journal on Algebraic and Discrete Methods" }
 @String{SIAMAlgMeth = "{SIAM} J. Algebraic Discrete Methods" }
 @String{SIAMAppMath = "{SIAM} Journal on Applied Mathematics" }
 @String{SIAMAppMath = "{SIAM} J. Appl. Math." }
 @String{SIAMComp = "{SIAM} Journal on Computing" }
 @String{SIAMComp = "{SIAM} J. Comput." }
 @String{SIAMMatrix = "{SIAM} Journal on Matrix Analysis and Applications" }
 @String{SIAMMatrix = "{SIAM} J. Matrix Anal. Appl." }
 @String{SIAMNumAnal = "{SIAM} Journal on Numerical Analysis" }
 @String{SIAMNumAnal = "{SIAM} J. Numer. Anal." }
 @String{SIAMReview = "{SIAM} Review" }
 @String{SIAMReview = "{SIAM} Rev." }
 @String{SIAMSciStat = "{SIAM} Journal on Scientific and Statistical
     Computing" }
 @String{SIAMSciStat = "{SIAM} J. Sci. Statist. Comput." }

 @String{SoftPracExp = "Software Practice and Experience" }
 @String{SoftPracExp = "Software Prac. Experience" } % didn't find in AMS MR
 @String{StatScience = "Statistical Science" }
 @String{StatScience = "Statist. Sci." }
 @String{Techno = "Technometrics" }
 @String{USSRCompMathPhys = "{USSR} Computational Mathematics and Mathematical
     Physics" }
 @String{USSRCompMathPhys = "{U. S. S. R.} Comput. Math. and Math. Phys." }
 @String{VLSICompSys = "Journal of {VLSI} and Computer Systems" }
 @String{VLSICompSys = "J. {VLSI} Comput. Syst." }
 @String{ZAngewMathMech = "Zeitschrift fur Angewandte Mathematik und
     Mechanik" }
 @String{ZAngewMathMech = "Z. Angew. Math. Mech." }
 @String{ZAngewMathPhys = "Zeitschrift fur Angewandte Mathematik und Physik" }
 @String{ZAngewMathPhys = "Z. Angew. Math. Phys." }

% Publishers % ================================================= |

 @String{Academic = "Academic Press" }
 @String{ACMPress = "{ACM} Press" }
 @String{AdamHilger = "Adam Hilger" }
 @String{AddisonWesley = "Addison-Wesley" }
 @String{AllynBacon = "Allyn and Bacon" }
 @String{AMS = "American Mathematical Society" }
 @String{Birkhauser = "Birkha{\"u}ser" }
 @String{CambridgePress = "Cambridge University Press" }
 @String{Chelsea = "Chelsea" }
 @String{ClaredonPress = "Claredon Press" }
 @String{DoverPub = "Dover Publications" }
 @String{Eyolles = "Eyolles" }
 @String{HoltRinehartWinston = "Holt, Rinehart and Winston" }
 @String{Interscience = "Interscience" }
 @String{JohnsHopkinsPress = "The Johns Hopkins University Press" }
 @String{JohnWileySons = "John Wiley and Sons" }
 @String{Macmillan = "Macmillan" }
 @String{MathWorks = "The Math Works Inc." }
 @String{McGrawHill = "McGraw-Hill" }
 @String{NatBurStd = "National Bureau of Standards" }
 @String{NorthHolland = "North-Holland" }
 @String{OxfordPress = "Oxford University Press" }  %address Oxford or London?
 @String{PergamonPress = "Pergamon Press" }
 @String{PlenumPress = "Plenum Press" }
 @String{PrenticeHall = "Prentice-Hall" }
 @String{SIAMPub = "{SIAM} Publications" }
 @String{Springer = "Springer-Verlag" }
 @String{TexasPress = "University of Texas Press" }
 @String{VanNostrand = "Van Nostrand" }
 @String{WHFreeman = "W. H. Freeman and Co." }

%Entries
@article{patrignani2020use,
  author    = {Marco Patrignani},
  title     = {Why Should Anyone use Colours? or, Syntax Highlighting Beyond Code
               Snippets},
  journal   = {CoRR},
  volume    = {abs/2001.11334},
  year      = {2020},
  url       = {https://arxiv.org/abs/2001.11334},
  archivePrefix = {arXiv},
  eprint    = {2001.11334},
}
@inproceedings{cauligi2019fact,
author = {Cauligi, Sunjay and Soeller, Gary and Johannesmeyer, Brian and Brown, Fraser and Wahby, Riad S. and Renner, John and Gr\'{e}goire, Benjamin and Barthe, Gilles and Jhala, Ranjit and Stefan, Deian},
title = {FaCT: A DSL for Timing-Sensitive Computation},
year = {2019},
isbn = {9781450367127},
publisher = {Association for Computing Machinery},
address = {New York, NY, USA},
url = {https://doi.org/10.1145/3314221.3314605},
doi = {10.1145/3314221.3314605},
abstract = {Real-world cryptographic code is often written in a subset of C intended to execute in constant-time, thereby avoiding timing side channel vulnerabilities. This C subset eschews structured programming as we know it: if-statements, looping constructs, and procedural abstractions can leak timing information when handling sensitive data. The resulting obfuscation has led to subtle bugs, even in widely-used high-profile libraries like OpenSSL. To address the challenge of writing constant-time cryptographic code, we present FaCT, a crypto DSL that provides high-level but safe language constructs. The FaCT compiler uses a secrecy type system to automatically transform potentially timing-sensitive high-level code into low-level, constant-time LLVM bitcode. We develop the language and type system, formalize the constant-time transformation, and present an empirical evaluation that uses FaCT to implement core crypto routines from several open-source projects including OpenSSL, libsodium, and curve25519-donna. Our evaluation shows that FaCT’s design makes it possible to write readable, high-level cryptographic code, with efficient, constant-time behavior.},
booktitle = {Proceedings of the 40th ACM SIGPLAN Conference on Programming Language Design and Implementation},
pages = {174–189},
numpages = {16},
keywords = {program transformation, cryptography, domain-specific language},
location = {Phoenix, AZ, USA},
series = {PLDI 2019}
}
@inproceedings{barthe2018sec,
  author={Barthe, Gilles and Grégoire, Benjamin and Laporte, Vincent},
  booktitle={2018 IEEE 31st Computer Security Foundations Symposium (CSF)}, 
  title={Secure Compilation of Side-Channel Countermeasures: The Case of Cryptographic “Constant-Time”}, 
  year={2018},
  volume={},
  number={},
  pages={328-343},
  doi={10.1109/CSF.2018.00031}
}
@inproceedings{abate2019jour,
  author={Abate, Carmine and Blanco, Roberto and Garg, Deepak and Hritcu, Catalin and Patrignani, Marco and Thibault, Jérémy},
  booktitle={2019 IEEE 32nd Computer Security Foundations Symposium (CSF)}, 
  title={Journey Beyond Full Abstraction: Exploring Robust Property Preservation for Secure Compilation}, 
  year={2019},
  volume={},
  number={},
  pages={256-25615},
  doi={10.1109/CSF.2019.00025}
}
@inproceedings{10.1145/1542476.1542504,
author = {Nagarakatte, Santosh and Zhao, Jianzhou and Martin, Milo M.K. and Zdancewic, Steve},
title = {SoftBound: Highly Compatible and Complete Spatial Memory Safety for c},
year = {2009},
isbn = {9781605583921},
publisher = {Association for Computing Machinery},
address = {New York, NY, USA},
url = {https://doi.org/10.1145/1542476.1542504},
doi = {10.1145/1542476.1542504},
abstract = {The serious bugs and security vulnerabilities facilitated by C/C++'s lack of bounds checking are well known, yet C and C++ remain in widespread use. Unfortunately, C's arbitrary pointer arithmetic, conflation of pointers and arrays, and programmer-visible memory layout make retrofitting C/C++ with spatial safety guarantees extremely challenging. Existing approaches suffer from incompleteness, have high runtime overhead, or require non-trivial changes to the C source code. Thus far, these deficiencies have prevented widespread adoption of such techniques.This paper proposes SoftBound, a compile-time transformation for enforcing spatial safety of C. Inspired by HardBound, a previously proposed hardware-assisted approach, SoftBound similarly records base and bound information for every pointer as disjoint metadata. This decoupling enables SoftBound to provide spatial safety without requiring changes to C source code. Unlike HardBound, SoftBound is a software-only approach and performs metadata manipulation only when loading or storing pointer values. A formal proof shows that this is sufficient to provide spatial safety even in the presence of arbitrary casts. SoftBound's full checking mode provides complete spatial violation detection with 67% runtime overhead on average. To further reduce overheads, SoftBound has a store-only checking mode that successfully detects all the security vulnerabilities in a test suite at the cost of only 22% runtime overhead on average.},
booktitle = {Proceedings of the 30th ACM SIGPLAN Conference on Programming Language Design and Implementation},
pages = {245–258},
numpages = {14},
keywords = {spatial memory safety, c, buffer overflows},
location = {Dublin, Ireland},
series = {PLDI '09}
}


@article{nagarakatte2009soft,
author = {Nagarakatte, Santosh and Zhao, Jianzhou and Martin, Milo M.K. and Zdancewic, Steve},
title = {SoftBound: Highly Compatible and Complete Spatial Memory Safety for c},
year = {2009},
issue_date = {June 2009},
publisher = {Association for Computing Machinery},
address = {New York, NY, USA},
volume = {44},
number = {6},
issn = {0362-1340},
url = {https://doi.org/10.1145/1543135.1542504},
doi = {10.1145/1543135.1542504},
journal = {SIGPLAN Not.},
month = {jun},
pages = {245–258},
numpages = {14},
keywords = {buffer overflows, c, spatial memory safety}
}
@article{nagarakatte2010cets,
author = {Nagarakatte, Santosh and Zhao, Jianzhou and Martin, Milo M.K. and Zdancewic, Steve},
title = {CETS: Compiler Enforced Temporal Safety for C},
year = {2010},
issue_date = {August 2010},
publisher = {Association for Computing Machinery},
address = {New York, NY, USA},
volume = {45},
number = {8},
issn = {0362-1340},
url = {https://doi.org/10.1145/1837855.1806657},
doi = {10.1145/1837855.1806657},
journal = {SIGPLAN Not.},
month = {jun},
pages = {31–40},
numpages = {10},
keywords = {temporal errors, c, memory safety, dangling pointers}
}
@article{michael2023mswasm,
author = {Michael, Alexandra E. and Gollamudi, Anitha and Bosamiya, Jay and Johnson, Evan and Denlinger, Aidan and Disselkoen, Craig and Watt, Conrad and Parno, Bryan and Patrignani, Marco and Vassena, Marco and Stefan, Deian},
title = {MSWasm: Soundly Enforcing Memory-Safe Execution of Unsafe Code},
year = {2023},
issue_date = {January 2023},
publisher = {Association for Computing Machinery},
address = {New York, NY, USA},
volume = {7},
number = {POPL},
url = {https://doi.org/10.1145/3571208},
doi = {10.1145/3571208},
journal = {Proc. ACM Program. Lang.},
month = {jan},
articleno = {15},
numpages = {30},
keywords = {Semantics, Memory-safety, WebAssembly, Secure Compilation}
}
